%% This BibTeX bibliography file was created using BibDesk.
%% https://bibdesk.sourceforge.io/

%% Created for 胡锦浩 at 2024-02-09 23:34:47 +0800 


%% Saved with string encoding Unicode (UTF-8) 



@article{Masalovich2020BilliardsIA,
	author = {Sergey Masalovich},
	date-added = {2024-02-09 23:19:37 +0800},
	date-modified = {2024-02-09 23:34:09 +0800},
	journal = {arXiv: Optics},
	title = {Billiards in a gravitational field: A particle bouncing on a parabolic and right angle mirror},
	url = {https://arxiv.org/pdf/2007.04730.pdf},
	year = {2020},
	bdsk-url-1 = {https://api.semanticscholar.org/CorpusID:220424708}}

@article{Jaud2023GravitationalB,
	author = {Daniel Jaud},
	date-modified = {2024-02-09 23:33:53 +0800},
	journal = {arXiv: math.DS},
	title = {Gravitational billiards -- bouncing inside a paraboloid cavity},
	url = {https://arxiv.org/abs/2301.12186},
	year = {2023},
	bdsk-url-1 = {https://api.semanticscholar.org/CorpusID:256390087}}
